@article{tian2024var,
  title={Visual AutoRegressive Modeling: Scalable Image Generation via Next-Scale Prediction},
  author={Tian, Keyu and Jiang, Yi and Yuan, Zehuan and Peng, Bingyue and Wang, Liwei},
  journal={OpenReview},
  year={2024},
  url={https://openreview.net/forum?id=gojL67CfS8}
}

@inproceedings{peebles2023dit,
  title={Scalable Diffusion Models with Transformers},
  author={Peebles, William and Xie, Saining},
  booktitle={Proceedings of the IEEE/CVF International Conference on Computer Vision (ICCV)},
  year={2023}
}

@inproceedings{vaswani2017attention,
  title={Attention is all you need},
  author={Vaswani, Ashish and Shazeer, Noam and Parmar, Niki and Uszkoreit, Jakob and Jones, Llion and Gomez, Aidan N and Kaiser, Lukasz and Polosukhin, Illia},
  booktitle={Advances in neural information processing systems},
  year={2017}
}

@article{radford2019language,
  title={Language models are unsupervised multitask learners},
  author={Radford, Alec and Wu, Jeffrey and Child, Rewon and Luan, David and Amodei, Dario and Sutskever, Ilya},
  journal={OpenAI blog},
  volume={1},
  number={8},
  pages={9},
  year={2019}
}

@inproceedings{van2017neural,
  title={Neural discrete representation learning},
  author={Van Den Oord, Aaron and Vinyals, Oriol and Kavukcuoglu, Koray},
  booktitle={Advances in neural information processing systems},
  year={2017}
}

@inproceedings{razavi2019generating,
  title={Generating diverse high-fidelity images with VQVAE-2},
  author={Razavi, Ali and Van den Oord, Aaron and Vinyals, Oriol},
  booktitle={Advances in neural information processing systems},
  year={2019}
}

@inproceedings{deng2009imagenet,
  title={Imagenet: A large-scale hierarchical image database},
  author={Deng, Jia and Dong, Wei and Socher, Richard and Li, Li-Jia and Li, Kai and Fei-Fei, Li},
  booktitle={2009 IEEE conference on computer vision and pattern recognition},
  year={2009}
}

@inproceedings{heusel2017gans,
  title={Gans trained by a two time-scale update rule converge to a local nash equilibrium},
  author={Heusel, Martin and Ramsauer, Hubert and Unterthiner, Thomas and Nessler, Bernhard and Hochreiter, Sepp},
  booktitle={Advances in neural information processing systems},
  year={2017}
}

@inproceedings{salimans2016improved,
  title={Improved techniques for training gans},
  author={Salimans, Tim and Goodfellow, Ian and Zaremba, Wojciech and Cheung, Vicki and Radford, Alec and Chen, Xi},
  booktitle={Advances in neural information processing systems},
  year={2016}
}

@article{kaplan2020scaling,
  title={Scaling laws for neural language models},
  author={Kaplan, Jared and McCandlish, Sam and Henighan, Tom and Brown, Tom B and Chess, Benjamin and Child, Rewon and Gray, Scott and Radford, Alec and Wu, Jeffrey and Amodei, Dario},
  journal={arXiv preprint arXiv:2001.08361},
  year={2020}
} 